@article{rippel2017,
    title = {Real-Time Adaptive Image Compression},
    author = {Oren Rippel and Lubomir Bourdev},
    year = {2017}
}
@article{masteringsketch,
    author = {Simo-Serra, Edgar and Iizuka, Satoshi and Ishikawa, Hiroshi},
    title = {Mastering Sketching: Adversarial Augmentation for Structured Prediction},
    year = {2018},
    issue_date = {January 2018},
    publisher = {Association for Computing Machinery},
    address = {New York, NY, USA},
    volume = {37},
    number = {1},
    issn = {0730-0301},
    url = {https://doi.org/10.1145/3132703},
    doi = {10.1145/3132703},
    journal = {ACM Trans. Graph.},
    month = jan,
    articleno = {11},
    numpages = {13},
    keywords = {convolutional neural network, pencil drawing generation, Sketch simplification}
}
